<?xml version="1.0" encoding="UTF-8"?><record xmlns="http://www.loc.gov/MARC21/slim" xmlns:cinclude="http://apache.org/cocoon/include/1.0" xmlns:zs="http://www.loc.gov/zing/srw/">
  <leader>00499nz  a2200157n  4500</leader>
  <controlfield tag="001">no2010128389</controlfield>
  <controlfield tag="003">DLC</controlfield>
  <controlfield tag="005">20100811075421.0</controlfield>
  <controlfield tag="008">100809n| acannaabn          |a aaa     c</controlfield>
  <datafield tag="010" ind1=" " ind2=" ">
    <subfield code="a">no2010128389</subfield>
  </datafield>
  <datafield tag="035" ind1=" " ind2=" ">
    <subfield code="a">(OCoLC)oca08585650</subfield>
  </datafield>
  <datafield tag="040" ind1=" " ind2=" ">
    <subfield code="a">MU</subfield>
    <subfield code="b">eng</subfield>
    <subfield code="c">MU</subfield>
  </datafield>
  <datafield tag="100" ind1="1" ind2=" ">
    <subfield code="a">Benthin, Anna,</subfield>
    <subfield code="d">1948-</subfield>
  </datafield>
  <datafield tag="500" ind1="1" ind2=" ">
    <subfield code="a">JaĚckel, Karin,</subfield>
    <subfield code="d">1948-</subfield>
  </datafield>
  <datafield tag="670" ind1=" " ind2=" ">
    <subfield code="a">Pico &amp; Columbus, 1991, c1990:</subfield>
    <subfield code="b">t.p. (Anna Benthin)</subfield>
  </datafield>
  <datafield tag="670" ind1=" " ind2=" ">
    <subfield code="a">WWW, July 28, 2010</subfield>
    <subfield code="b">Biblioteka Publiczna webpage (Anna Benthin is a pseudonym of Karin JaĚckel)</subfield>
  </datafield>
</record>